@book{james2006statistical,
  title={Statistical Methods in Experimental Physics},
  author={James, F.},
  isbn={9789812705273},
  lccn={75157034},
  url={https://books.google.ru/books?id=S8N\_QgAACAAJ},
  year={2006},
  publisher={World Scientific}
}

@incollection{Turchin,
  title={Statistical regularization of ill-posed problems},
  booktitle = {Physics of atmosphere and ocean},
  author={Turchin, V.~F. and Nozik, V.~Z.},
  number={v. 5},
  page={29},
  lccn={67038637},
  issn={0002-3515},
  url={https://books.google.ru/books?id=N3RUAAAAMAAJ},
  year={1969},
  publisher={Nauka}
}

@phdthesis{Turovceva,
  author={L.~S. Turovceva},
  title={Solution of some inverse problems of atmosphere physics by the method of statistical regularization},
  year={1973}
}

@article{Abdurashitov:2016nrv,
      author         = "Abdurashitov, D. N. and others",
      title          = "{Electron scattering on hydrogen and deuterium molecules
                        at 14-25 keV by the "Troitsk nu-mass" experiment}",
      journal        = {Physics of Particles and Nuclei Letters},
      year           = "2017",
      volume         = "14",
      issue          = "6",
      pages          = "892-899",
      eprint         = "1603.04243",
      archivePrefix  = "arXiv",
      primaryClass   = "physics.ins-det",
      SLACcitation   = "%%CITATION = ARXIV:1603.04243;%%",
      publisher      = "Pleiades Publishing, Ltd."
}

@Article{Aseev2000,
author="Aseev, V.N.
and Belesev, A.I.
and Berlev, A.I.
and Geraskin, E.V.
and Kazachenko, O.V.
and Kuznetsov, Yu.E.
and Lobashev, V.M.
and Ostroumov, R.P.
and Titov, N.A.
and Zadorozhny, S.V.
and Zakharov, Yu.I.
and Bonn, J.
and Bornschein, B.
and Bornschein, L.
and Otten, E.W.
and Przyrembel, M.
and Weinheimer, Ch.
and Saenz, A.",
title="Energy loss of 18 keV electrons in gaseous T                                and quench condensed D                                films",
journal="The European Physical Journal D - Atomic, Molecular, Optical and Plasma Physics",
year="2000",
month="Mar",
day="01",
volume="10",
number="1",
pages="39--52",
abstract="Measurements of the energy loss of fast electrons at an energy of 18 keV have been performed on molecules of hydrogen isotopes, gaseous T                  2                 and frozen D                  2                . Whereas in the case of gaseous T                  2                 the values of total inelastic cross-section (                                   cm2 for E = 18.6 keV), average energy loss (                                   eV) and peak position of the energy loss spectra (                                   eV) agree well with the expectations, the corresponding values for quench condensed D                  2                 differ significantly from the ones for gaseous T                  2                . We observe a significant lower total inelastic cross-section (                                   cm2, for E = 18.6 keV) larger average energy loss (                                   eV) and higher peak position (                                   eV). These differences may be interpreted in terms of changes of the final state spectrum. A CI calculation for a D                  2                 cluster shows indeed a clear shift of the excited states in agreement with the observation.",
issn="1434-6079",
doi="10.1007/s100530050525",
url="https://doi.org/10.1007/s100530050525"
}
@article{calvetti2006aristotelian,
  title		={Aristotelian prior boundary conditions},
  author	={Calvetti, Daniela and Kaipio, Jari P and Somersalo, Erkki},
  journal	={Int. J. Math},
  volume	={1},
  pages		={63--81},
  year		={2006}
}
