@ARTICLE{Sattelite,
    author = {Зелёный, М.~Е. and others},
    title = {ПРОЕКТИРОВАНИЕ ДЕТЕКТОРА ПРОТОНОВ
    И ЭЛЕКТРОНОВ ДЛЯ МОНИТОРИНГА СОЛНЕЧНЫХ
    КОСМИЧЕСКИХ ЛУЧЕЙ},
    journal = {Краткие сообщения по физике ФИАН},
    year = {2019},
    pages = {3-7},
    number = {1},
    month = {Январь},
}



@Article{Turchin-epf,
    author  = { M. Zelenyi and M. Poliakova and A. Nozik and A. Khudyakov},
    title   = {Application of Turchin's method of statistical regularization},
    journal = {EPJ Web Conf.},
    year    = {2018},
    volume  = {177},
    pages   = {07005},
    doi     = {10.1051/epjconf/201817707005},
    groups  = {zelenyy},
    url     = {https://doi.org/10.1051/epjconf/201817707005},
}



@Article{ALLISON2016186,
    author   = {J. Allison and others},
    title    = {Recent developments in Geant4},
    journal  = {Nuclear Instruments and Methods in Physics Research Section A: Accelerators, Spectrometers, Detectors and Associated Equipment},
    year     = {2016},
    volume   = {835},
    pages    = {186 - 225},
    issn     = {0168-9002},
    doi      = {https://doi.org/10.1016/j.nima.2016.06.125},
    groups   = {GEANT4},
    keywords = {High energy physics, Nuclear physics, Radiation, Simulation, Computing},
    url      = {http://www.sciencedirect.com/science/article/pii/S0168900216306957},
}



@book{miroshnichenko2015solar,
    title={Solar Cosmic Rays: Fundamentals and Applications},
    author={Miroshnichenko, Leonty},
    year={2015},
    publisher={Springer}
}

@article{posner2007up,
    title={Up to 1-hour forecasting of radiation hazards from solar energetic ion events with relativistic electrons},
    author={Posner, Arik},
    journal={Space Weather},
    volume={5},
    number={5},
    year={2007},
    publisher={Wiley Online Library}
}


@article{forbush1946three,
    title={Three unusual cosmic-ray increases possibly due to charged particles from the Sun},
    author={Forbush, Scott E},
    journal={Physical Review},
    volume={70},
    number={9-10},
    pages={771},
    year={1946},
    publisher={APS}
}

@InBook{petrukovich2008cosmic,
    chapter   = {Космическая радиация},
    title     = {Плазменная гелиогеофизика, Т. II},
    publisher = {Физматлит},
    year      = {2008},
    author    = {Петрукович А.А., Дмитриев А.В., Петров В.М.,},
    editor    = {Л. М. Зелёный and И. С. Веселевский},
    language = {russian}
}
