% Encoding: UTF-8

@book{Gruppen,
  Author = {Claus Grupen and Boris Shwartz},
  Title = {Particle Detectors (Cambridge Monographs on Particle Physics, Nuclear Physics and Cosmology)},
  Publisher = {Cambridge University Press},
  Year = {2008},
  ISBN = {0521840066},
  URL = {https://www.amazon.com/Particle-Detectors-Cambridge-Monographs-Cosmology/dp/0521840066?SubscriptionId=0JYN1NVW651KCA56C102&tag=techkie-20&linkCode=xm2&camp=2025&creative=165953&creativeASIN=0521840066}
}

@Article{Turchin-epf,
  author  = { M. Zelenyi and M. Poliakova and A. Nozik and A. Khudyakov},
  title   = {Application of Turchin's method of statistical regularization},
  journal = {EPJ Web Conf.},
  year    = {2018},
  volume  = {177},
  pages   = {07005},
  doi     = {10.1051/epjconf/201817707005},
  groups  = {zelenyy},
  url     = {https://doi.org/10.1051/epjconf/201817707005},
}

@Article{1610988,
  author   = {J. Allison and others},
  title    = {Geant4 developments and applications},
  journal  = {IEEE Transactions on Nuclear Science},
  year     = {2006},
  volume   = {53},
  number   = {1},
  pages    = {270-278},
  month    = {Feb},
  issn     = {0018-9499},
  doi      = {10.1109/TNS.2006.869826},
  keywords = {physics computing;Geant4;astrophysics;high energy physics;performance optimization;space science;Application software;Astrophysics;Kernel;Large Hadron Collider;Medical simulation;Object oriented modeling;Physics;Production;Protection;Software tools;Electromagnetic interactions;hadronic interactions;object-oriented technology;particle interactions;physics validation;simulation},
}

@Article{ALLISON2016186,
  author   = {J. Allison and others},
  title    = {Recent developments in Geant4},
  journal  = {Nuclear Instruments and Methods in Physics Research Section A: Accelerators, Spectrometers, Detectors and Associated Equipment},
  year     = {2016},
  volume   = {835},
  pages    = {186 - 225},
  issn     = {0168-9002},
  doi      = {https://doi.org/10.1016/j.nima.2016.06.125},
  groups   = {GEANT4},
  keywords = {High energy physics, Nuclear physics, Radiation, Simulation, Computing},
  url      = {http://www.sciencedirect.com/science/article/pii/S0168900216306957},
}

@Article{AGOSTINELLI2003250,
  author   = {S. Agostinelli and others},
  title    = {Geant4—a simulation toolkit},
  journal  = {Nuclear Instruments and Methods in Physics Research Section A: Accelerators, Spectrometers, Detectors and Associated Equipment},
  year     = {2003},
  volume   = {506},
  number   = {3},
  pages    = {250 - 303},
  issn     = {0168-9002},
  doi      = {https://doi.org/10.1016/S0168-9002(03)01368-8},
  groups   = {GEANT4},
  keywords = {Simulation, Particle interactions, Geometrical modelling, Software engineering, Object-oriented technology, Distributed software development},
  url      = {http://www.sciencedirect.com/science/article/pii/S0168900203013688},
}

@book{miroshnichenko2015solar,
  title={Solar Cosmic Rays: Fundamentals and Applications},
  author={Miroshnichenko, Leonty},
  year={2015},
  publisher={Springer}
}

@article{posner2007up,
  title={Up to 1-hour forecasting of radiation hazards from solar energetic ion events with relativistic electrons},
  author={Posner, Arik},
  journal={Space Weather},
  volume={5},
  number={5},
  year={2007},
  publisher={Wiley Online Library}
}
@misc{korovkin2001bernstein,
  title={Bernstein polynomials. Hazewinkel, Michiel, Encyclopedia of Mathematics},
  author={Korovkin, P},
  year={2001},
  publisher={Springer, ISBN}
}

@article{forbush1946three,
  title={Three unusual cosmic-ray increases possibly due to charged particles from the Sun},
  author={Forbush, Scott E},
  journal={Physical Review},
  volume={70},
  number={9-10},
  pages={771},
  year={1946},
  publisher={APS}
}

@InBook{petrukovich2008cosmic,
  chapter   = {Космическая радиация},
  title     = {Плазменная гелиогеофизика, Т. II},
  publisher = {Физматлит},
  year      = {2008},
  author    = {Петрукович А.А. and Дмитриев А.В. and Петров В.М.},
  editor    = {Л. М. Зелёный and И. С. Веселевский},
}

@Comment{jabref-meta: databaseType:bibtex;}

@Comment{jabref-meta: groupstree:
0 AllEntriesGroup:;
1 ExplicitGroup:zelenyy\;0\;;
1 ExplicitGroup:satellite\;0\;;
1 ExplicitGroup:soft\;0\;;
2 ExplicitGroup:GEANT4\;0\;;
2 ExplicitGroup:python\;0\;;
}
