@Article{ALLISON2016186,
  author   = {J. Allison and others},
  title    = {Recent developments in Geant4},
  journal  = {Nuclear Instruments and Methods in Physics Research Section A: Accelerators, Spectrometers, Detectors and Associated Equipment},
  year     = {2016},
  volume   = {835},
  pages    = {186 - 225},
  issn     = {0168-9002},
  doi      = {https://doi.org/10.1016/j.nima.2016.06.125},
  groups   = {GEANT4},
  keywords = {High energy physics, Nuclear physics, Radiation, Simulation, Computing},
  url      = {http://www.sciencedirect.com/science/article/pii/S0168900216306957},
}

@article{dwyer2003fundamental,
  title={A fundamental limit on electric fields in air},
  author={Dwyer, JR},
  journal={Geophysical Research Letters},
  volume={30},
  number={20},
  year={2003},
  publisher={Wiley Online Library}
}

@article{dwyer2013properties,
  title={Properties of the thundercloud discharges responsible for terrestrial gamma-ray flashes},
  author={Dwyer, Joseph R and Liu, Ningyu and Rassoul, Hamid K},
  journal={Geophysical Research Letters},
  volume={40},
  number={15},
  pages={4067--4073},
  year={2013},
  publisher={Wiley Online Library}
}

@article{dwyer2011low,
  title={Low-energy electron production by relativistic runaway electron avalanches in air},
  author={Dwyer, Joseph R and Babich, Leonid P},
  journal={Journal of Geophysical Research: Space Physics},
  volume={116},
  number={A9},
  year={2011},
  publisher={Wiley Online Library}
}

@article{gurevich1992runaway,
  title={Runaway electron mechanism of air breakdown and preconditioning during a thunderstorm},
  author={Gurevich, AV and Milikh, GM and Roussel-Dupre, R},
  journal={Physics Letters A},
  volume={165},
  number={5-6},
  pages={463--468},
  year={1992},
  publisher={Elsevier}
}

@article{gurevich2001kinetic,
  title={Kinetic theory of runaway breakdown in inhomogeneous thundercloud electric field},
  author={Gurevich, AV and Carlson, HC and Medvedev, Yu V and Zybin, KP},
  journal={Physics Letters A},
  volume={282},
  number={3},
  pages={180--185},
  year={2001},
  publisher={Elsevier}
}
@article{gurevich1999lightning,
  title={Lightning initiation by simultaneous effect of runaway breakdown and cosmic ray showers},
  author={Gurevich, AV and Zybin, KP and Roussel-Dupre, RA},
  journal={Physics Letters A},
  volume={254},
  number={1-2},
  pages={79--87},
  year={1999},
  publisher={Elsevier}
}

@book{mazin1989clouds,
  title={Clouds and cloudy atmosphere},
  author={I. P. Mazin and A. Kh. Khrgian and I. M. Imyanitov},
  journal={Handbook, Gidrometeoizdat, Leningrad},
  year={1989}
}


@article{Iudin:2018,
    author = {D. I. Iudin and S. S. Davydenko and V. M. Gotlib and M. S. Dolgonosov and L. M. Zelenyi},
    title = {Physics of lightning: new model approaches and prospects of the satellite observations},
    publisher = {Uspekhi Fizicheskikh Nauk},
    year = {2018},
    journal = {Usp. Fiz. Nauk},
    volume = {188},
    number = {8},
    pages = {850-864},
    url = {https://ufn.ru/ru/articles/2018/8/e/},
    doi = {10.3367/UFNr.2017.04.038221}
}




